@misc{FB_political,
      author = "Facebook",
      title = "About ads that include political content",
      month = "July",
      year = "2018-07-03",
      howpublished = {\url{"https://www.facebook.com/business/help/167836590566506"}}
      }

@misc{FB_National,
      author = "Facebook",
      title = "National issues of public importance",
      month = "July",
      year = "2018-07-03",
      howpublished = {\url{"https://www.facebook.com/business/help/214754279118974"}}
  }
  
  
  @misc{Google_Political,
        author = "Google",
        title = "Transparency Report - Political Ads",
        month = "August",
        year = "2018-08-15",
        howpublished = 
        {\url{https://transparencyreport.google.com/political-ads/library}
        }
    }
    
    @misc{Google_Data,
        author = "Google",
        title = "Google Political Ads Public Dataset",
        month = "August",
        year = "2018-08-15",
        howpublished =
        {\url{https://bigquery.cloud.google.com/dataset/bigquery-public-data:google_political_ads}
        }
    }
    
    @misc{Twitter_Political,
        author = "Twitter",
        title = "Political Content in the United States",
        month = "June",
        year = "2018-06-28",
        howpublished = {\url{https://business.twitter.com/en/help/ads-policies/restricted-content-policies/political-campaigning/US-political-content.html}
        }
    }
    
    @misc{Twitter_Data,
        author = "Twitter",
        title = "Ad Transparency Center",
        month = "June",
        year = "2018-06-28",
        howpublished = {\url{https://ads.twitter.com/transparency}
        }
    }
    
    @misc{FB_Api,
        author = "Facebook",
        title = "Introducing the Ad Archive API",
        month = "August",
        year = "2018-08-22",
        howpublished = {\url{https://newsroom.fb.com/news/2018/08/introducing-the-ad-archive-api/}
        }
        
    }